@phdthesis{Sancevero:2007,
    author={Sérgio Sacani Sancevero},
    title={Estudo de Aplicação de Métodos Quantitativos em Dados Sísmicos no Processo de Caracterização Integrada de Reservatórios},
    year={2007},
    school={Universidade Estadual de Campinas},
}

@article{Barnes:2002,
    author = {Arthur E. Barnes and Kenneth J. Laughlin},
    title = {Investigation of methods for unsupervised classification of seismic data},
    journal = {SEG Technical Program Expanded Abstracts},
    pages = {2221},
    year = {2002},
    doi = {10.1190/1.1817152},
    URL = {https://doi.org/10.1190/1.1817152},   
}

@article{Barnes:2007,
    author = {Barnes, Arthur E.},
    title = {Redundant and useless seismic attributesRedundant and useless seismic attributes},
    journal = {Geophysics},
    volume = {72},
    number = {3},
    pages = {33},
    year = {2007},
    doi = {10.1190/1.2716717},
    URL = {http://dx.doi.org/10.1190/1.2716717},
    eprint = {/gsw/content_public/journal/geophysics/72/3/10.1190_1.2716717/3/gsgpy_72_3_p33.pdf}
}

@article{Coleou:2003,
    author = {Coléou, Thierry and Poupon, Manuel and Azbel, Kostia},
    title = {Unsupervised seismic facies classification : A review and comparison of techniques and implementation},
    journal = {The Leading Edge},
    volume = {22},
    number = {10},
    pages = {942},
    year = {2003},
    doi = {10.1190/1.1623635},
    URL = {http://dx.doi.org/10.1190/1.1623635},
    eprint = {/gsw/content_public/journal/tle/22/10/10.1190_1.1623635/5/942.pdf}
}

@article{Dorrington:2004,
    author = {Dorrington, Kevin P. and Link, Curtis A.},
    title = {Genetic-algorithm/neural-network approach to seismic attribute selection for well-log prediction},
    journal = {Geophysics},
    volume = {69},
    number = {1},
    pages = {212},
    year = {2004},
    doi = {10.1190/1.1649389},
    URL = {http://dx.doi.org/10.1190/1.1649389},
    eprint = {/gsw/content_public/journal/geophysics/69/1/10.1190_1.1649389/3/gsgpy_69_1_212.pdf}
}